
@phdthesis{mendoza-torres_modelos_2017,
	address = {Mexico City},
	type = {Ph. {D}.},
	title = {Modelos basados en c{\'o}pulas para la simulaci{\'o}n estoc{\'a}stica conjunta de propiedades de redes de fracturas discretas en medios porosos fracturados},
	language = {Spanish},
	school = {Universidad Nacional Autonoma de Mexico, UNAM},
	author = {Mendoza-Torres, Francisco},
	month = 11,
	year = {2017}
}
